<?xml version="1.0" encoding="UTF-8"?><record xmlns="http://www.loc.gov/MARC21/slim" xmlns:cinclude="http://apache.org/cocoon/include/1.0" xmlns:zs="http://www.loc.gov/zing/srw/">
  <leader>00426nz  a2200133n  4500</leader>
  <controlfield tag="001">n 2007003982</controlfield>
  <controlfield tag="003">DLC</controlfield>
  <controlfield tag="005">20070119074949.0</controlfield>
  <controlfield tag="008">070118n| acannaabn          |n aaa      </controlfield>
  <datafield tag="010" ind1=" " ind2=" ">
    <subfield code="a">n 2007003982</subfield>
  </datafield>
  <datafield tag="040" ind1=" " ind2=" ">
    <subfield code="a">DLC</subfield>
    <subfield code="b">eng</subfield>
    <subfield code="c">DLC</subfield>
  </datafield>
  <datafield tag="100" ind1="1" ind2=" ">
    <subfield code="a">Meade, Glenn</subfield>
  </datafield>
  <datafield tag="670" ind1=" " ind2=" ">
    <subfield code="a">Meade, Glenn. Perils of the great Ulysses, p2003:</subfield>
    <subfield code="b">container (Glenn Meade)</subfield>
  </datafield>
  <datafield tag="675" ind1=" " ind2=" ">
    <subfield code="a">Int. ww in classical music, 2005, 2006;</subfield>
    <subfield code="a">WW in American music, Classical, 2nd ed.</subfield>
  </datafield>
</record>